@misc{russell2009artificial,
  title={Artificial intelligence: a modern approach (3rd edition)},
  author={Russell, Stuart Jonathan and Norvig, Peter},
  year={2009},
  publisher={Prentice Hall}
}

@article{fikes1993strips,
  title={STRIPS, a retrospective},
  author={Fikes, Richard E and Nilsson, Nils J},
  journal={Artificial Intelligence},
  volume={59},
  number={1},
  pages={227--232},
  year={1993},
  publisher={Elsevier}
}

@article{deepmindblog,
	author = {DeepMind},
	title = {Agents that imagine and plan, \url{https://deepmind.com/blog/agents-imagine-and-plan/}},
	journal = {Blogpost},
	type = {Blog},
	number = {July 20},
	year = {2017},
	howpublished = {\url{https://deepmind.com/blog/agents-imagine-and-plan/}}
}

@article{pascanu2017learning,
  title={Learning model-based planning from scratch},
  author={Pascanu, Razvan and Li, Yujia and Vinyals, Oriol and Heess, Nicolas and Buesing, Lars and Racani{\`e}re, Sebastien and Reichert, David and Weber, Th{\'e}ophane and Wierstra, Daan and Battaglia, Peter},
  journal={arXiv preprint arXiv:1707.06170},
  year={2017}
}

@article{weber2017imagination,
  title={Imagination-Augmented Agents for Deep Reinforcement Learning},
  author={Weber, Th{\'e}ophane and Racani{\`e}re, S{\'e}bastien and Reichert, David P and Buesing, Lars and Guez, Arthur and Rezende, Danilo Jimenez and Badia, Adria Puigdom{\`e}nech and Vinyals, Oriol and Heess, Nicolas and Li, Yujia and others},
  journal={arXiv preprint arXiv:1707.06203},
  year={2017}
}

@article{weld1999recent,
  title={Recent advances in AI planning},
  author={Weld, Daniel S},
  journal={AI magazine},
  volume={20},
  number={2},
  pages={93},
  year={1999}
}
@article{hoffmann2005ignoring,
  title={Where'ignoring delete lists' works: Local search topology in planning benchmarks},
  author={Hoffmann, J{\"o}rg},
  journal={Journal of Artificial Intelligence Research},
  volume={24},
  pages={685--758},
  year={2005}
}